@book{brooks1975mythical,
  title={The Mythical Man-Month: Essays on Software Engineering},
  author={Brooks, Frederick P.},
  year={1975},
  publisher={Addison-Wesley}
}

@article{ChangFong2016TheCS,
  title={The cloudier side of cryptographic end-to-end verifiable voting: a security analysis of Helios},
  author={Nicholas Chang-Fong and Aleksander Essex},
  journal={Proceedings of the 32nd Annual Conference on Computer Security Applications},
  year={2016}
}

@misc{iacr,
  title = {{International Association for Cryptologic Research}},
  howpublished = {\url{https://www.iacr.org}},
  note = {Accessed on: \today}
}



@misc{Helios,
  title = {Helios Voting System Specification},
  howpublished = {\url{https://heliosvoting.org/}},
  note = {Accessed: 2023-05-13}
}


@inproceedings{Halderman2015TheNS,
  title={The New South Wales iVote System: Security Failures and Verification Flaws in a Live Online Election},
  author={J. Alex Halderman and Vanessa Teague},
  booktitle={International Conference on E-Voting and Identity},
  year={2015}
}


@article{Springall2014SecurityAO,
  title={Security Analysis of the Estonian Internet Voting System},
  author={Drew Springall and Travis Finkenauer and Zakir Durumeric and Jason Kitcat and Harri Hursti and Margaret MacAlpine and J. Alex Halderman},
  journal={Proceedings of the 2014 ACM SIGSAC Conference on Computer and Communications Security},
  year={2014}
}


@inproceedings{Haines2022RunningTR,
  title={Running the Race: A Swiss Voting Story},
  author={Thomas Haines and Olivier Pereira and Vanessa J. Teague},
  booktitle={International Joint Conference on Electronic Voting},
  year={2022}
}

@inproceedings{Yang2011FindingAU,
  title={Finding and understanding bugs in C compilers},
  author={Xuejun Yang and Yang Chen and Eric Eide and John Regehr},
  booktitle={ACM-SIGPLAN Symposium on Programming Language Design and Implementation},
  year={2011}
}

@inproceedings{Letouzey2002ANE,
  title={A New Extraction for Coq},
  author={Pierre Letouzey},
  booktitle={Types for Proofs and Programs},
  year={2002}
}

@article{Mullen2018ufMT,
  title={{\OE}uf: minimizing the Coq extraction TCB},
  author={Eric Mullen and Stuart Pernsteiner and James R. Wilcox and Zachary Tatlock and Dan Grossman},
  journal={Proceedings of the 7th ACM SIGPLAN International Conference on Certified Programs and Proofs},
  year={2018}
}

@inproceedings{Moura2015TheLT,
  title={The Lean Theorem Prover (System Description)},
  author={Leonardo Mendon√ßa de Moura and Soonho Kong and Jeremy Avigad and Floris van Doorn and Jakob von Raumer},
  booktitle={CADE},
  year={2015}
}

@article{Rivest2008OnTN,
  title={On the notion of software independence in voting systems},
  author={Ronald L. Rivest},
  journal={Philosophical Transactions of the Royal Society A: Mathematical, Physical and Engineering Sciences},
  year={2008},
  volume={366},
  pages={3759 - 3767}
}


@article{Barthe2010AMF,
  title={A Machine-Checked Formalization of Sigma-Protocols},
  author={Gilles Barthe and Daniel Hedin and Santiago Zanella B{\'e}guelin and Benjamin Gr{\'e}goire and Sylvain Heraud},
  journal={2010 23rd IEEE Computer Security Foundations Symposium},
  year={2010},
  pages={246-260}
}

@inproceedings{Barthe2009FormalCO,
  title={Formal certification of code-based cryptographic proofs},
  author={Gilles Barthe and Benjamin Gr{\'e}goire and Santiago Zanella B{\'e}guelin},
  booktitle={ACM-SIGACT Symposium on Principles of Programming Languages},
  year={2009}
}



@inproceedings{Almeida2010ACC,
  title={A Certifying Compiler for Zero-Knowledge Proofs of Knowledge Based on Sigma-Protocols},
  author={Jos{\'e} Bacelar Almeida and Endre Bangerter and Manuel Barbosa and Stephan Krenn and Ahmad-Reza Sadeghi and T. Schneider},
  booktitle={IACR Cryptology ePrint Archive},
  year={2010}
}

@article{Almeida2012FullPC,
  title={Full proof cryptography: verifiable compilation of efficient zero-knowledge protocols},
  author={Jos{\'e} Bacelar Almeida and Manuel Barbosa and Endre Bangerter and Gilles Barthe and Stephan Krenn and Santiago Zanella B{\'e}guelin},
  journal={Proceedings of the 2012 ACM conference on Computer and communications security},
  year={2012}
}

@inproceedings{Cramer1997ModularDO,
  title={Modular Design of Secure yet Practical Cryptographic Protocols},
  author={Ronald Cramer},
  year={1997}
}


@inproceedings{Pattinson2015VoteCA,
  title={Vote Counting as Mathematical Proof},
  author={Dirk Pattinson and Carsten Sch{\"u}rmann},
  booktitle={Australasian Conference on Artificial Intelligence},
  year={2015}
}

@inproceedings{Chaum1981UntraceableEM,
  title={Untraceable electronic mail, return addresses, and digital pseudonyms},
  author={David Chaum},
  booktitle={CACM},
  year={1981}
}

@inproceedings{Neumann2014HeliosVT,
  title={Helios Verification: To Alleviate, or to Nominate: Is That the Question, or Shall we Have Both?},
  author={Stephan Neumann and Maina M. Olembo and Karen Vera Renaud and Melanie Volkamer},
  booktitle={International Conference on Electronic Government and the Information Systems Perspective},
  year={2014}
}


@inproceedings{Haines2019VerifiableHT,
  title={Verifiable Homomorphic Tallying for the Schulze Vote Counting Scheme},
  author={Thomas Haines and Dirk Pattinson and Mukesh Tiwari},
  booktitle={Verified Software: Theories, Tools, Experiments},
  year={2019}
}


@misc{HOL4interaction,
  author = {Michael Norrish},
  title = {HOL Interaction},
  year = {2023},
  url = {https://hol-theorem-prover.org/HOL-interaction.pdf},
  note = {Accessed: 2023-05-10}
}

@inproceedings{Gdel1966OnFU,
  title={On Formally Undecidable Propositions of Principia Mathematica and Related Systems},
  author={Kurt G{\"o}del and Bernard Meltzer and Richard Schlegel},
  year={1966}
}

@manual{hol4manual,
  title        = {HOL4 Reference Manual},
  organization = {The HOL 4 Team},
  address      = {Cambridge, UK},
  year         = {2022},
  url          = {http://hol-theorem-prover.org},
  note         = {Accessed: 2023-05-10}
}



@inproceedings{Goldwasser1985TheKC,
  title={The knowledge complexity of interactive proof-systems},
  author={Shafi Goldwasser and Silvio Micali and Charles Rackoff},
  booktitle={Symposium on the Theory of Computing},
  year={1985}
}

@article{ElGamal:1985,
  author    = {Taher ElGamal},
  title     = {A Public Key Cryptosystem and a Signature Scheme Based on Discrete Logarithms},
  journal   = {IEEE Transactions on Information Theory},
  volume    = {31},
  number    = {4},
  pages     = {469--472},
  year      = {1985},
  doi       = {10.1109/TIT.1985.1057074},
  publisher = {IEEE},
}


@inproceedings{Shoup:1997,
  author    = {Victor Shoup},
  title     = {A Proposal for an ISO Standard for Public Key Encryption},
  booktitle = {Advances in Cryptology -- Eurocrypt '97},
  series    = {Lecture Notes in Computer Science},
  volume    = {1233},
  pages     = {369--379},
  year      = {1997},
  doi       = {10.1007/3-540-69053-0_32},
  publisher = {Springer},
}

@book{cranor2005security,
    title={Security and Usability: Designing Secure Systems that People Can Use},
    author={Cranor, Lorrie Faith and Garfinkel, Simson},
    year={2005},
    publisher={O'Reilly Media}
}

@phdthesis{mercuri2001electronic,
    title={Electronic Vote Tabulation Checks and Balances},
    author={Mercuri, Rebecca T.},
    year={2001},
    school={University of Pennsylvania}
}

@book{jones2012broken,
    title={Broken Ballots: Will Your Vote Count?},
    author={Jones, Douglas W. and Simons, Barbara},
    year={2012},
    publisher={Center for the Study of Language and Information}
}


@book{ryan2009modelling,
    title={The Modelling and Analysis of Security Protocols: the CSP Approach},
    author={Ryan, Peter Y.A. and Schneider, Steve A.},
    year={2009},
    publisher={Addison-Wesley Professional}
}


@article{Haines2020HowNT,
  title={How not to prove your election outcome},
  author={Thomas Haines and Sarah Jamie Lewis and Olivier Pereira and Vanessa Teague},
  journal={2020 IEEE Symposium on Security and Privacy (SP)},
  year={2020},
  pages={644-660}
}


@inproceedings{Adida2008HeliosWO,
  title={Helios: Web-based Open-Audit Voting},
  author={Ben Adida},
  booktitle={USENIX Security Symposium},
  year={2008}
}

@inproceedings{Heiderich2011TheBT,
  title={The Bug That Made Me President a Browser- and Web-Security Case Study on Helios Voting},
  author={Mario Heiderich and Tilman Frosch and Marcus Niemietz and J{\"o}rg Schwenk},
  booktitle={International Conference on E-Voting and Identity},
  year={2011}
}

@article{Cortier2011AttackingAF,
  title={Attacking and Fixing Helios: An Analysis of Ballot Secrecy},
  author={V{\'e}ronique Cortier and Ben Smyth},
  journal={2011 IEEE 24th Computer Security Foundations Symposium},
  year={2011},
  pages={297-311}
}


@inproceedings{Acemyan2015FromET,
  title={From Error to Error: Why Voters Could not Cast a Ballot and Verify Their Vote With Helios, Pr{\^e}t {\`a} Voter, and Scantegrity II},
  author={Claudia Ziegler Acemyan and Philip T. Kortum and Michael D. Byrne and Dan S. Wallach},
  year={2015}
}

@article{Haines2021DidYM,
  title={Did you mix me? Formally Verifying Verifiable Mix Nets in Electronic Voting},
  author={Thomas Haines and Rajeev Gor{\'e} and Bhavesh Sharma},
  journal={2021 IEEE Symposium on Security and Privacy (SP)},
  year={2021},
  pages={1748-1765}
}

@Kulyk2015ExtendingHT{Kulyk2015ExtendingHT,
  title={Extending Helios Towards Private Eligibility Verifiability},
  author={Oksana Kulyk and Vanessa Teague and Melanie Volkamer},
  booktitle={International Conference on E-Voting and Identity},
  year={2015}
}


@book{Artin:1998,
  author = {Artin, Michael},
  title = {Algebra},
  publisher = {Birkh{\"a}user},
  year = {1998},
}

@book{axler1995linear,
  title={Linear algebra done right},
  author={Axler, Sheldon},
  year={1995},
  publisher={Springer-Verlag New York},
  url={https://linear.axler.net/}
}



@misc{damgaard2010sigma,
  author = {Ivan Damg{\aa}rd},
  title = {On {$\Sigma$}-protocols},
  year = {2010},
  url = {https://www.cs.au.dk/~ivan/Sigma.pdf},
  note = {Accessed on 2023-05-13}
}



@article{Tan2019TheVC,
  title={The verified CakeML compiler backend},
  author={Yong Kiam Tan and Magnus O. Myreen and Ramana Kumar and Anthony C. J. Fox and Scott Owens and Michael Norrish},
  journal={Journal of Functional Programming},
  year={2019},
  volume={29}
}

@inproceedings{Abrahamsson2022CandleAV,
  title={Candle: A Verified Implementation of HOL Light},
  author={Oskar Abrahamsson and Magnus O. Myreen and Ramana Kumar and Thomas Sewell},
  booktitle={International Conference on Interactive Theorem Proving},
  year={2022}
}

@inproceedings{Kumar2014HOLWD,
  title={HOL with Definitions: Semantics, Soundness, and a Verified Implementation},
  author={Ramana Kumar and Rob Arthan and Magnus O. Myreen and Scott Owens},
  booktitle={International Conference on Interactive Theorem Proving},
  year={2014}
}




@inproceedings{Hupel2018AVC,
  title={A Verified Compiler from Isabelle/HOL to CakeML},
  author={Lars Hupel and Tobias Nipkow},
  booktitle={European Symposium on Programming},
  year={2018}
}


@inproceedings{Myreen2013StepsTV,
  title={Steps towards Verified Implementations of HOL Light},
  author={Magnus O. Myreen and Scott Owens and Ramana Kumar},
  booktitle={International Conference on Interactive Theorem Proving},
  year={2013}
}


@inproceedings{Harrison2006TowardsSO,
  title={Towards Self-verification of HOL Light},
  author={John Harrison},
  booktitle={International Joint Conference on Automated Reasoning},
  year={2006}
}

@article{Chan2018ClassificationOF,
  title={Classification of Finite Fields with Applications},
  author={Hing-Lun Chan and Michael Norrish},
  journal={Journal of Automated Reasoning},
  year={2018},
  volume={63},
  pages={667 - 693}
}

@inproceedings{Smyth2015ElectionVC,
  title={Election Verifiability: Cryptographic Definitions and an Analysis of Helios and JCJ},
  author={Ben Smyth and Steven Frink and Michael R. Clarkson},
  year={2015}
}
















@inproceedings{Kumar2016SelfcompilationAS,
  title={Self-compilation and self-verification},
  author={Ramana Kumar},
  year={2016}
}

@article{Kumar2016SelfFormalisationOH,
  title={Self-Formalisation of Higher-Order Logic},
  author={Ramana Kumar and Rob Arthan and Magnus O. Myreen and Scott Owens},
  journal={Journal of Automated Reasoning},
  year={2016},
  volume={56},
  pages={221-259}
}

@inproceedings{Kumar2015ProofgroundedBO,
  title={Proof-grounded bootstrapping of a verified compiler Producing a verified read-eval-print loop for CakeML},
  author={Ramana Kumar and Magnus O. Myreen and Scott Owens and Yong Kiam Tan},
  year={2015}
}

@article{Tan2016ANV,
  title={A new verified compiler backend for CakeML},
  author={Yong Kiam Tan and Magnus O. Myreen and Ramana Kumar and Anthony C. J. Fox and Scott Owens and Michael Norrish},
  journal={Proceedings of the 21st ACM SIGPLAN International Conference on Functional Programming},
  year={2016}
}



@article{Bernhard2011AdaptingHF,
  title={Adapting Helios for Provable Ballot Privacy},
  author={David Bernhard and V{\'e}ronique Cortier and Olivier Pereira and Ben Smyth and Bogdan Warinschi},
  journal={IACR Cryptol. ePrint Arch.},
  year={2011},
  volume={2016},
  pages={756}
}

@inproceedings{Bernhard2012HowNT,
  title={How Not to Prove Yourself: Pitfalls of the Fiat-Shamir Heuristic and Applications to Helios},
  author={David Bernhard and Olivier Pereira and Bogdan Warinschi},
  booktitle={International Conference on the Theory and Application of Cryptology and Information Security},
  year={2012}
}


@ballotstuffing{Cortier2014ElectionVF,
  title={Election Verifiability for Helios under Weaker Trust Assumptions},
  author={V{\'e}ronique Cortier and David Galindo and St{\'e}phane Glondu and Malika Izabach{\`e}ne},
  booktitle={European Symposium on Research in Computer Security},
  year={2014}
}

@heliosimprovement{Bernhard2017SecurityPF,
  title={Security Proofs for Participation Privacy , Receipt-Freeness , Ballot Privacy , and Verifiability Against Malicious Bulletin Board for the Helios Voting Scheme},
  author={David Bernhard and Oksana Kulyk and Melanie Volkamer},
  year={2017}
}

@inproceedings{Ghale2018VerifiedCC,
  title={Verified Certificate Checking for Counting Votes},
  author={Milad K. Ghale and Dirk Pattinson and Ramana Kumar and Michael Norrish},
  booktitle={Verified Software: Theories, Tools, Experiments},
  year={2018}
}

@article{Haines2019VerifiedVF,
  title={Verified Verifiers for Verifying Elections},
  author={Thomas Haines and Rajeev Gor{\'e} and Mukesh Tiwari},
  journal={Proceedings of the 2019 ACM SIGSAC Conference on Computer and Communications Security},
  year={2019}
}

@inproceedings{Haines2020MachinecheckingTU,
  title={Machine-checking the universal verifiability of ElectionGuard},
  author={Thomas Haines and Rajeev Gor{\'e} and Jack Stodart},
  booktitle={IACR Cryptology ePrint Archive},
  year={2020}
}


@inproceedings{Bellare1992OnDP,
  title={On Defining Proofs of Knowledge},
  author={Mihir Bellare and Oded Goldreich},
  booktitle={Annual International Cryptology Conference},
  year={1992}
}


@inproceedings {Smith2021Wubalubadubdub,
  author    = {Richard Smith and Summer Smith and Morty Smith},
  booktitle = {Plumbus: How they do it},
  title     = {Wubalubadubdub: {R}ick \& {M}orty Forever and Forever a Hundred Years},
  year      = {2115},
  pages     = {C137--$\infty$},
  publisher = {Adult Swim}
}


@inproceedings {Cooper2015SuperfluidVacuumTheory,
   author    = {Sheldon Lee Cooper and Leonard Leakey Hofstadter},
   booktitle = {The Troll Manifestation},
   title     = {Superfluid Vacuum Theory: Spacetime is a Surface of the Superfluid},
   year      = {2015},
   pages     = {42--73},
   publisher = {Scientific American}
}


@misc {Oetiker2021LatexIntroduction,
   author = {Tobias Oetiker},
   year   = {2021},
   title  = {A (Not So) Short Introduction to {\LaTeX{}} $2-{\varepsilon}$},
   url    = {https://www.ctan.org/tex-archive/info/lshort/english/}
}


@misc {pictureSource,
   author = {Ann H},
   url    = {https://www.pexels.com/de-de/foto/schwarzes-holzernes-wanddekor-3095771/},
   note   = {According to \url{https://www.pexels.com/license/}, all photos on that website can be used for free.}
}
